@article{landry2022hedonic,
  title={Hedonic property prices and coastal beach width},
  author={Landry, Craig E and Turner, Dylan and Allen, Tom},
  journal={Applied Economic Perspectives and Policy},
  volume={44},
  number={3},
  pages={1373--1392},
  year={2022},
  publisher={Wiley Online Library}
}

@article{gourevitch2023unpriced,
  title={Unpriced climate risk and the potential consequences of overvaluation in US housing markets},
  author={Gourevitch, Jesse D and Kousky, Carolyn and Liao, Yanjun and Nolte, Christoph and Pollack, Adam B and Porter, Jeremy R and Weill, Joakim A},
  journal={Nature Climate Change},
  volume={13},
  number={3},
  pages={250--257},
  year={2023},
  publisher={Nature Publishing Group UK London}
}

@article{McNamara2024,
  author    = {McNamara, D.E. and Smith, M.D. and Williams, Z. and others},
  title     = {Policy and market forces delay real estate price declines on the US coast},
  journal   = {Nature Communications},
  volume    = {15},
  pages     = {2209},
  year      = {2024},
  doi       = {10.1038/s41467-024-46548-6},
  url       = {https://doi.org/10.1038/s41467-024-46548-6}
}

@article{fuerst2021pricing,
  title={Pricing climate risk: Are flooding and sea level rise risk capitalised in Australian residential property?},
  author={Fuerst, Franz and Warren-Myers, Georgia},
  journal={Climate Risk Management},
  volume={34},
  pages={100361},
  year={2021},
  publisher={Elsevier}
}

@article{peterson2024coastal,
  title={The Coastal Property Insurance Crisis},
  author={Peterson, Jeffrey and Hill, Alice and Dandridge, Jessica and Kousky, Carolyn and Jones, Dave},
  journal={Env't L. Rep.},
  volume={54},
  pages={10443},
  year={2024},
  publisher={HeinOnline}
}