@article{griggs2021coastal,
  title={Coastal adaptation to climate change and sea-level rise},
  author={Griggs, Gary and Reguero, Borja G},
  journal={Water},
  volume={13},
  number={16},
  pages={2151},
  year={2021},
  publisher={MDPI}
}

@article{reed2022attribution,
  title={Attribution of 2020 hurricane season extreme rainfall to human-induced climate change},
  author={Reed, Kevin A and Wehner, Michael F and Zarzycki, Colin M},
  journal={Nature communications},
  volume={13},
  number={1},
  pages={1905},
  year={2022},
  publisher={Nature Publishing Group UK London}
}

@article{swain2025increasing,
  title={Increasing Hydroclimatic Whiplash Can Amplify Wildfire Risk in a Warming Climate},
  author={Swain, Daniel L and Abatzoglou, John T and Albano, Christine M and Brunner, Manuela I and Diffenbaugh, Noah S and Kolden, Crystal and Prein, Andreas F and Singh, Deepti and Skinner, Christopher B and Swetnam, Thomas W and others},
  journal={Global Change Biology},
  volume={31},
  number={2},
  year={2025}
}

@online{EPA2025,
  author    = {{U.S. Environmental Protection Agency}},
  title     = {Climate Change Impacts on Coasts},
  year      = {2025},
  url       = {https://www.epa.gov/climateimpacts/climate-change-impacts-coasts#:~:text=A%20growing%20concentration%20of%20people,to%2040%25%20of%20the%20population.},
  note      = {Accessed: 2025-03-24}
}

@article{clayton2021climate,
  title={Climate risk and real estate prices: what do we know?},
  author={Clayton, Jim and Devaney, Steven and Sayce, Sarah and Van de Wetering, Jorn},
  journal={Journal of Portfolio Management},
  volume={47},
  number={10},
  year={2021},
  publisher={Institutional Investor Inc}
}

@article{maier2009real,
  title={Real Estate Market Efficiency. A Survey of Literature.},
  author={Maier, Gunther and Herath, Shanaka},
  year={2009},
  publisher={Citeseer}
}

@article{McNamara2024,
  author    = {McNamara, D.E. and Smith, M.D. and Williams, Z. and others},
  title     = {Policy and market forces delay real estate price declines on the US coast},
  journal   = {Nature Communications},
  volume    = {15},
  pages     = {2209},
  year      = {2024},
  doi       = {10.1038/s41467-024-46548-6},
  url       = {https://doi.org/10.1038/s41467-024-46548-6}
}

@article{fussell2014homeownership,
  title={Homeownership and housing displacement after Hurricane Katrina among low-income African-American mothers in New Orleans},
  author={Fussell, Elizabeth and Harris, Elizabeth},
  journal={Social science quarterly},
  volume={95},
  number={4},
  pages={1086--1100},
  year={2014},
  publisher={Wiley Online Library}
}

@online{USCensusCountyShapefile2025,
  author    = {{U.S. Census Bureau}},
  title     = {Cartographic Boundary Shapefiles},
  year      = {2025},
  url       = {https://www.census.gov/geographies/mapping-files/time-series/geo/carto-boundary-file.html},
  note      = {Accessed: 2025-03-24}
}

@article{theuerkauf2021rapid,
  title={Rapid water level rise drives unprecedented coastal habitat loss along the Great Lakes of North America},
  author={Theuerkauf, Ethan J and Braun, Katherine N},
  journal={Journal of Great Lakes Research},
  volume={47},
  number={4},
  pages={945--954},
  year={2021},
  publisher={Elsevier}
}